@online{_latex_????,
	title = {{LaTeX} - A document preparation system},
	url = {https://www.latex-project.org/},
	urldate = {2017-01-21},
	file = {LaTeX - A document preparation system:C\:\\Users\\matsz\\AppData\\Roaming\\Mozilla\\Firefox\\Profiles\\uzex6uf6.default\\zotero\\storage\\9TFFBCUN\\www.latex-project.org.html:text/html}
}


@misc{opencv_doc,
	title = {{OpenCV}: {OpenCV} modules},
	url = {https://docs.opencv.org/3.4.2/},
	urldate = {2018-09-15},
	file = {OpenCV\: OpenCV modules:C\:\\Users\\matsz\\Zotero\\storage\\K4D6ARI6\\3.4.html:text/html}
}

@misc{face_reco_github,
	title = {The world's simplest facial recognition api for {Python} and the command line: ageitgey/face\_recognition},
	copyright = {MIT},
	shorttitle = {The world's simplest facial recognition api for {Python} and the command line},
	url = {https://github.com/ageitgey/face_recognition},
	urldate = {2018-09-15},
	author = {Geitgey, Adam},
	month = sep,
	year = {2018},
	note = {original-date: 2017-03-03T21:52:39Z}
}

@misc{acs_doc,
	title = {Azure Cognitive Services Face Api Documentation},
	url = {https://docs.microsoft.com/en-us/azure/cognitive-services/face/quickstarts/python},
	abstract = {In this quickstart, you detect faces in an image using the Face service with Python in Cognitive Services.},
	language = {en-us},
	urldate = {2018-09-15},
	author = {},
	file = {Snapshot:C\:\\Users\\matsz\\Zotero\\storage\\DFJGP5KD\\Python.html:text/html}
}



@INPROCEEDINGS{373563, 
author={G. Deng and L. W. Cahill}, 
booktitle={1993 IEEE Conference Record Nuclear Science Symposium and Medical Imaging Conference}, 
title={An adaptive Gaussian filter for noise reduction and edge detection}, 
year={1993}, 
volume={}, 
number={}, 
pages={1615-1619 vol.3}, 
keywords={edge detection;adaptive filters;image processing;computer vision;adaptive Gaussian filter;noise reduction;edge detection;noise suppression;preprocessing;signal local variance;edge position displacement;vanishing edges;phantom edges;Adaptive filters;Noise reduction;Image edge detection;Gaussian noise;Imaging phantoms;Filtering algorithms;Digital filters;Image processing;Computer vision;Distortion}, 
doi={10.1109/NSSMIC.1993.373563}, 
ISSN={}, 
month={Oct},}

@INPROCEEDINGS{gauss1, 
author={Shapiro, L.G. Stockman, G.C.}, 
booktitle={Computer Vision}, 
title={}, 
year={2001}, 
volume={}, 
number={}, 
pages={137-150}, 
keywords={}, 
ISSN={Prentice Hall}, 
month={}
}
